<?xml version="1.0" encoding="UTF-8"?><record xmlns="http://www.loc.gov/MARC21/slim" xmlns:cinclude="http://apache.org/cocoon/include/1.0" xmlns:zs="http://www.loc.gov/zing/srw/">
  <leader>00610nz  a2200157n  4500</leader>
  <controlfield tag="001">n 2010069651</controlfield>
  <controlfield tag="003">DLC</controlfield>
  <controlfield tag="005">20101020075004.0</controlfield>
  <controlfield tag="008">101019n| acannaabn          |b aaa      </controlfield>
  <datafield tag="010" ind1=" " ind2=" ">
    <subfield code="a">n 2010069651</subfield>
  </datafield>
  <datafield tag="040" ind1=" " ind2=" ">
    <subfield code="a">DLC</subfield>
    <subfield code="b">eng</subfield>
    <subfield code="c">DLC</subfield>
  </datafield>
  <datafield tag="100" ind1="1" ind2=" ">
    <subfield code="a">Ariʼeli, Zeʼev ben Shemaryahu.</subfield>
    <subfield code="t">Meʼasef (Shutafin, Ḥezḳat ha-batim)</subfield>
  </datafield>
  <datafield tag="400" ind1="1" ind2=" ">
    <subfield code="a">Ariʼeli, Zeʼev ben Shemaryahu.</subfield>
    <subfield code="t">Sefer ha-Meʼasef</subfield>
  </datafield>
  <datafield tag="400" ind1="1" ind2=" ">
    <subfield code="a">Ariʼeli, Zeʼev ben Shemaryahu.</subfield>
    <subfield code="t">ספר המאסף</subfield>
  </datafield>
  <datafield tag="667" ind1=" " ind2=" ">
    <subfield code="a">Non-Latin reference not evaluated.</subfield>
  </datafield>
  <datafield tag="670" ind1=" " ind2=" ">
    <subfield code="a">ספר המאסף = Sefer ha-Meʼasef, 2006 or 2005:</subfield>
    <subfield code="b">t.p. (peraḳim ha-Shutafin ṿe-Ḥezḳat ha-batim)</subfield>
  </datafield>
</record>